<?xml version="1.0" encoding="UTF-8"?><record xmlns="http://www.loc.gov/MARC21/slim" xmlns:cinclude="http://apache.org/cocoon/include/1.0" xmlns:zs="http://www.loc.gov/zing/srw/">
  <leader>00372nz  a2200133n  4500</leader>
  <controlfield tag="001">no2008123322</controlfield>
  <controlfield tag="003">DLC</controlfield>
  <controlfield tag="005">20080827080956.0</controlfield>
  <controlfield tag="008">080711n| acannaabn          |n aaa     c</controlfield>
  <datafield tag="010" ind1=" " ind2=" ">
    <subfield code="a">no2008123322</subfield>
  </datafield>
  <datafield tag="035" ind1=" " ind2=" ">
    <subfield code="a">(OCoLC)oca07859509</subfield>
  </datafield>
  <datafield tag="040" ind1=" " ind2=" ">
    <subfield code="a">MoU</subfield>
    <subfield code="b">eng</subfield>
    <subfield code="c">MoU</subfield>
  </datafield>
  <datafield tag="100" ind1="1" ind2=" ">
    <subfield code="a">Bachmann, F. Brenne</subfield>
  </datafield>
  <datafield tag="670" ind1=" " ind2=" ">
    <subfield code="a">The cost of Sweden's neutrality , 1986:</subfield>
    <subfield code="b">t.p. (Mr. F. Brenne Bachmann, USFS)</subfield>
  </datafield>
</record>